<record><leader>00000cas a22000007a 4500</leader><controlfield tag="001">30749549</controlfield><controlfield tag="008">940712c197u9999ncuwr ne      0    0eng d</controlfield><datafield ind1=" " ind2=" " tag="010"><subfield code="a">sn 94058236 </subfield></datafield><datafield ind1=" " ind2=" " tag="040"><subfield code="a">NVJ</subfield><subfield code="b">eng</subfield><subfield code="c">NVJ</subfield><subfield code="d">OCLCQ</subfield></datafield><datafield ind1=" " ind2=" " tag="042"><subfield code="a">msc</subfield></datafield><datafield ind1="0" ind2="0" tag="245"><subfield code="a">Richlands-Beulaville advertiser news.</subfield></datafield><datafield ind1="1" ind2="7" tag="246"><subfield code="a">Advertiser news</subfield></datafield><datafield ind1=" " ind2=" " tag="260"><subfield code="a">Richlands, N.C. :</subfield><subfield code="b">Duplin-Onslow Pub. Co.</subfield></datafield><datafield ind1=" " ind2=" " tag="300"><subfield code="a">v.</subfield></datafield><datafield ind1=" " ind2=" " tag="310"><subfield code="a">Weekly</subfield></datafield><datafield ind1=" " ind2=" " tag="588"><subfield code="a">Description based on: Vol. 4, no. 10 (Apr. 3, 1979).</subfield></datafield><datafield ind1=" " ind2=" " tag="752"><subfield code="a">United States</subfield><subfield code="b">North Carolina</subfield><subfield code="c">Duplin</subfield><subfield code="d">Richlands.</subfield></datafield><datafield ind1=" " ind2=" " tag="752"><subfield code="a">United States</subfield><subfield code="b">North Carolina</subfield><subfield code="c">Duplin</subfield><subfield code="d">Beulaville.</subfield></datafield></record>